<?xml version="1.0" encoding="UTF-8"?><collection xmlns="http://www.loc.gov/MARC21/slim"><record><leader>00456nam--2200181-i-4500</leader><controlfield tag="001">000010196</controlfield><controlfield tag="002">20161230</controlfield><controlfield tag="005">20161230201028</controlfield><controlfield tag="008">060222s1000------------r-----000-0-eng-d</controlfield><datafield ind1=" " ind2=" " tag="020"><subfield code="a">9810217226</subfield></datafield><datafield ind1=" " ind2=" " tag="040"><subfield code="a">IFIN-HH</subfield></datafield><datafield ind1=" " ind2=" " tag="080"><subfield code="a">539.142:539.171</subfield></datafield><datafield ind1="1" ind2=" " tag="100"><subfield code="a">Hodgson, P.E</subfield></datafield><datafield ind1="1" ind2="0" tag="245"><subfield code="a">The nucleon optical model</subfield><subfield code="c">P.e. hodgson</subfield></datafield><datafield ind1=" " ind2=" " tag="260"><subfield code="a">HONG KONG</subfield><subfield code="b">World Scientific</subfield><subfield code="c">1994</subfield></datafield><datafield ind1=" " ind2=" " tag="300"><subfield code="a">421p</subfield></datafield><datafield ind1=" " ind2=" " tag="852"><subfield code="a">81511</subfield><subfield code="c">539.14</subfield></datafield><datafield ind1=" " ind2=" " tag="CAT"><subfield code="a">Sys</subfield><subfield code="c">20120417</subfield><subfield code="h">103503</subfield></datafield></record></collection>